% For entry type documentation, see https://www.bibtex.com/e/entry-types/

%[#] Author's First Name Initials. Last Name, “Title of webpage,” Title of website. [Online]. Abbreviated Month. Day, Year. Available: URL, Accessed on: Date.

%used

@misc{gameboy-wikipedia,
    title     = "Game Boy family",
    howpublished = "Wikipedia",
    url       = "https://en.wikipedia.org/wiki/Game_Boy_family",
    month        = 3,
    year         = 2021,
    addendum = {Accessed on: 2021-04-01},
}
%used
@misc{emunation-history,
    title     = "History of Console Emulators",
    howpublished = "Emulation Nation",
    url       = "http://www.emulationnation.com/console-emulation/history-of-console-emulators/",
    addendum = {Accessed on: 2021-04-25},
}
%used
@misc{ask-wonder-nintendo,
    title     = "What are the top youth media brands in 1980s, 1990s, 2000s and current?",
    howpublished = "Wonder",
    year    = "2017",
    month   = "5",
    url       = "https://askwonder.com/research/top-youth-media-brands-1980s-1990s-2000s-current-keja4oioq",
    addendum = {Accessed on: 2021-04-25},
}
%used
@misc{emulatortechnopedia,
    author    =  {Techopedia},
    title     = "Emulator",
    howpublished = "Techopedia",
    url       = "https://www.techopedia.com/definition/4788/emulator",
    addendum = {Accessed on: 2021-02-12},
}
@misc{bootstraptechopedia,
    author    =  {Techopedia},
    title     = "Bootstrap",
    howpublished = "Techopedia",
    url       = "https://www.techopedia.com/definition/3328/bootstrap",
    addendum = {Accessed on: 2021-04-08},
}

%used
@article{emulatorbusinessinsider,
    author    =  {Dave Johnson and William Antonelli},
    title     = "Emulators can turn your PC into a Mac, let you play games from any era, and more — here's what you should know about the potential benefits and risks of using one",
    journal = "Business Insider",
    year    = "2020",
    month   = "10",
    url       = "https://www.businessinsider.com/what-is-an-emulator?r=US&IR=T",
    addendum = {Accessed on: 2021-03-30},
}
%used
@article{gameboytimeline1,
    author    =  {Gary Sheppard},
    title     = "The Chronology of Game Boy Models",
    journal = "GameGrin",
    year    = "2019",
    month   = "4",
    url       = "https://www.gamegrin.com/articles/the-chronology-of-game-boy-models/",
    addendum = {Accessed on: 2021-03-30},
}
%used
@misc{gameboytimeline2,
    author    =  {Mike Minotti},
    title     = "25 years of the Game Boy: A timeline of the systems, accessories, and games",
    url       = "https://venturebeat.com/2014/04/21/25-years-of-the-game-boy-a-timeline-of-the-systems-accessories-and-games/",
    journal = "VentureBeat",
    year    = "2014",
    month   = "4",
    addendum = {Accessed on: 2021-03-31},
}
%used
@misc{gameboyarchitecture,
    author    =  {Rodrigo Copetti},
    title     = "Game boy Architecture - A Practical Analysis",
    url       = "https://www.copetti.org/writings/consoles/game-boy/",
    year    = "2021",
    addendum = {Accessed on: 2021-03-30},
}
%used
@misc{emulatorlifewire,
    author    =  {Robert Earl Wells III},
    title     = "What is an emulator?",
    url       = "https://www.lifewire.com/what-is-an-emulator-4687005",
    journal = "Lifewire",        
    year    = "2021",
    month   = "1",
    addendum = {Accessed on: 2021-02-12},
}

@misc{gameboyhistory,
    author    =  {The Center for Computing History},
    title     = "Nintendo Game Boy",
    url       = "http://www.computinghistory.org.uk/det/4033/Nintendo-Game-Boy/",
    howpublished = "The Centre for Computing History",
    year = "2021",
    addendum = {Accessed on: 2021-02-12},
}
%used
@misc{gameboylook,
    author    =  {Katie Smith-Wong},
    title     = "Why the Nintendo Game Boy Was So Successful",
    url       = "https://www.denofgeek.com/games/why-the-nintendo-game-boy-was-so-successful/",
    journal = "Den of Geek",
    year = "2015",
    month = 7,
    addendum = {Accessed on: 2021-02-12},
}

@misc{gameboyemulationhistory,
    title     = "History of emulation",
    url       = "https://emulation.gametechwiki.com/index.php/History_of_emulation",
    howpublished = "Game Tech Wiki",
    year = "2020",
    month = 7,
    addendum = {Accessed on: 2021-02-12},
}

@misc{gameboyemulators,
    author    =  {Zophar's Domain},
    title     = "Nintendo - GameBoy Emulators",
    url       = "https://www.zophar.net/gb.html",
    addendum = {Accessed on: 2021-02-12},
}

@misc{pandocsVideo,
    author    =  {Niño Díaz, A and  Vivace, A and Beannaich and  Sandlin,C and Habert,E 
    and Elizafox and Furrtek and Gekkio and Frohwein,J and  Harrison,J and Halphon, L and Mantidactyle and Fayzullin, M and Korth, M and  Pan of ATX and Felber, P and Robson,P 
    and T4g1 and TechFalcon and endrift and exezin and jrra and kOOPa and mattcurrie and nitro2k01 and pinobatch and Fagan,P},
    title     = "Pan Docs, Game Boy technical reference",
    url       = "http://web.archive.org/web/20210426154117if_/https://gbdev.io/pandocs/#video-display",
    howpublished = "GBDev",
    year = 2021,
    month = 4,
    addendum = {Accessed on: 2021-04-26},
}
@misc{pandocsexternalmemoryandhardware,
    author    =  {Niño Díaz, A and  Vivace, A and Beannaich and  Sandlin,C and Habert,E 
    and Elizafox and Furrtek and Gekkio and Frohwein,J and  Harrison,J and Halphon, L and Mantidactyle and Fayzullin, M and Korth, M and  Pan of ATX and Felber, P and Robson,P 
    and T4g1 and TechFalcon and endrift and exezin and jrra and kOOPa and mattcurrie and nitro2k01 and pinobatch and Fagan,P},
    title     = "Pan Docs, Game Boy technical reference",
    url       = "http://web.archive.org/web/20210426154117if_/https://gbdev.io/pandocs/#external-memory-and-hardware",
    howpublished = "GBDev",
    year = 2021,
    month = 4,
    addendum = {Accessed on: 2021-04-26},}

@misc{pandocs,
    author    =  {Niño Díaz, A and  Vivace, A and Beannaich and  Sandlin,C and Habert,E 
    and Elizafox and Furrtek and Gekkio and Frohwein,J and  Harrison,J and Halphon, L and Mantidactyle and Fayzullin, M and Korth, M and  Pan of ATX and Felber, P and Robson,P 
    and T4g1 and TechFalcon and endrift and exezin and jrra and kOOPa and mattcurrie and nitro2k01 and pinobatch and Fagan,P},
    title     = "Pan Docs, Game Boy technical reference",
    url       = "http://web.archive.org/web/20210426154117if_/https://gbdev.io/pandocs/",
    howpublished = "GBDev",
    year = 2021,
    month = 4,
    addendum = {Accessed on: 2021-04-26},}

@misc{pandocsmemorymap,
    author    =  {Niño Díaz, A and  Vivace, A and Beannaich and  Sandlin,C and Habert,E 
    and Elizafox and Furrtek and Gekkio and Frohwein,J and  Harrison,J and Halphon, L and Mantidactyle and Fayzullin, M and Korth, M and  Pan of ATX and Felber, P and Robson,P 
    and T4g1 and TechFalcon and endrift and exezin and jrra and kOOPa and mattcurrie and nitro2k01 and pinobatch and Fagan,P},
    title     = "Pan Docs, Game Boy technical reference",
    url       = "http://web.archive.org/web/20210426154117if_/https://gbdev.io/pandocs/#memory-map",
    howpublished = "GBDev",
    year = 2021,
    month = 4,
    addendum = {Accessed on: 2021-04-26},}
%used
@misc{pandocsinterrupts,
    author    =  {Niño Díaz, A and  Vivace, A and Beannaich and  Sandlin,C and Habert,E 
    and Elizafox and Furrtek and Gekkio and Frohwein,J and  Harrison,J and Halphon, L and Mantidactyle and Fayzullin, M and Korth, M and  Pan of ATX and Felber, P and Robson,P 
    and T4g1 and TechFalcon and endrift and exezin and jrra and kOOPa and mattcurrie and nitro2k01 and pinobatch and Fagan,P},
    title     = "Pan Docs, Game Boy technical reference",
    url       = "http://web.archive.org/web/20210426154117if_/https://gbdev.io/pandocs/#interrupts",
    howpublished = "GBDev",
    year = 2021,
    month = 4,
    addendum = {Accessed on: 2021-04-26},}
%used
@misc{pandocsjoypad,
    author    =  {Niño Díaz, A and  Vivace, A and Beannaich and  Sandlin,C and Habert,E 
    and Elizafox and Furrtek and Gekkio and Frohwein,J and  Harrison,J and Halphon, L and Mantidactyle and Fayzullin, M and Korth, M and  Pan of ATX and Felber, P and Robson,P 
    and T4g1 and TechFalcon and endrift and exezin and jrra and kOOPa and mattcurrie and nitro2k01 and pinobatch and Fagan,P},
    title     = "Pan Docs, Game Boy technical reference",
    url       = "http://web.archive.org/web/20210426154117if_/https://gbdev.io/pandocs/#joypad-input",
    howpublished = "GBDev",
    year = 2021,
    month = 4,
    addendum = {Accessed on: 2021-04-26},}
%used
@misc{pandocstimer,
    author    =  {Niño Díaz, A and  Vivace, A and Beannaich and  Sandlin,C and Habert,E 
    and Elizafox and Furrtek and Gekkio and Frohwein,J and  Harrison,J and Halphon, L and Mantidactyle and Fayzullin, M and Korth, M and  Pan of ATX and Felber, P and Robson,P 
    and T4g1 and TechFalcon and endrift and exezin and jrra and kOOPa and mattcurrie and nitro2k01 and pinobatch and Fagan,P},
    title     = "Pan Docs, Game Boy technical reference",
    url       = "http://web.archive.org/web/20210426154117if_/https://gbdev.io/pandocs/#timer-and-divider-registers",
    howpublished = "GBDev",
    year = 2021,
    month = 4,
    addendum = {Accessed on: 2021-04-26},}
%used
@misc{pandocsoam,
    author    =  {Niño Díaz, A and  Vivace, A and Beannaich and  Sandlin,C and Habert,E 
    and Elizafox and Furrtek and Gekkio and Frohwein,J and  Harrison,J and Halphon, L and Mantidactyle and Fayzullin, M and Korth, M and  Pan of ATX and Felber, P and Robson,P 
    and T4g1 and TechFalcon and endrift and exezin and jrra and kOOPa and mattcurrie and nitro2k01 and pinobatch and Fagan,P},
    title     = "Pan Docs, Game Boy technical reference",
    url       = "http://web.archive.org/web/20210426154117if_/https://gbdev.io/pandocs/#vram-sprite-attribute-table-oam",
    howpublished = "GBDev",
    year = 2021,
    month = 4,
    addendum = {Accessed on: 2021-04-26},}
%used
@misc{pandocsdma,
    author    =  {Niño Díaz, A and  Vivace, A and Beannaich and  Sandlin,C and Habert,E 
    and Elizafox and Furrtek and Gekkio and Frohwein,J and  Harrison,J and Halphon, L and Mantidactyle and Fayzullin, M and Korth, M and  Pan of ATX and Felber, P and Robson,P 
    and T4g1 and TechFalcon and endrift and exezin and jrra and kOOPa and mattcurrie and nitro2k01 and pinobatch and Fagan,P},
    title     = "Pan Docs, Game Boy technical reference",
    url       = "http://web.archive.org/web/20210426154117if_/https://gbdev.io/pandocs/#lcd-oam-dma-transfers",
    howpublished = "GBDev",
    year = 2021,
    month = 4,
    addendum = {Accessed on: 2021-04-26},}
%used
@misc{pandocssound,
    author    =  {Niño Díaz, A and  Vivace, A and Beannaich and  Sandlin,C and Habert,E 
    and Elizafox and Furrtek and Gekkio and Frohwein,J and  Harrison,J and Halphon, L and Mantidactyle and Fayzullin, M and Korth, M and  Pan of ATX and Felber, P and Robson,P 
    and T4g1 and TechFalcon and endrift and exezin and jrra and kOOPa and mattcurrie and nitro2k01 and pinobatch and Fagan,P},
    title     = "Pan Docs, Game Boy technical reference",
    url       = "http://web.archive.org/web/20210426154117if_/https://gbdev.io/pandocs/#sound-controller",
    howpublished = "GBDev",
    year = 2021,
    month = 4,
    addendum = {Accessed on: 2021-04-26},}

%used
@misc{pandocsechoram,
    author    =  {Niño Díaz, A and  Vivace, A and Beannaich and  Sandlin,C and Habert,E 
    and Elizafox and Furrtek and Gekkio and Frohwein,J and  Harrison,J and Halphon, L and Mantidactyle and Fayzullin, M and Korth, M and  Pan of ATX and Felber, P and Robson,P 
    and T4g1 and TechFalcon and endrift and exezin and jrra and kOOPa and mattcurrie and nitro2k01 and pinobatch and Fagan,P},
    title     = "Pan Docs, Game Boy technical reference",
    url       = "http://web.archive.org/web/20210426154117if_/https://gbdev.io/pandocs/#echo-ram",
    howpublished = "GBDev",
    year = 2021,
    month = 4,
    addendum = {Accessed on: 2021-04-26},}


%used
@misc{pandocsmbc,
    author    =  {Niño Díaz, A and  Vivace, A and Beannaich and  Sandlin,C and Habert,E 
    and Elizafox and Furrtek and Gekkio and Frohwein,J and  Harrison,J and Halphon, L and Mantidactyle and Fayzullin, M and Korth, M and  Pan of ATX and Felber, P and Robson,P 
    and T4g1 and TechFalcon and endrift and exezin and jrra and kOOPa and mattcurrie and nitro2k01 and pinobatch and Fagan,P},
    title     = "Pan Docs, Game Boy technical reference",
    url       = "http://web.archive.org/web/20210426154117if_/https://gbdev.io/pandocs/#memory-bank-controllers",
    howpublished = "GBDev",
    year = 2021,
    month = 4,
    addendum = {Accessed on: 2021-04-26},}

%used
@misc{pandocsLCDC,
    author    =  {Niño Díaz, A and  Vivace, A and Beannaich and  Sandlin,C and Habert,E 
    and Elizafox and Furrtek and Gekkio and Frohwein,J and  Harrison,J and Halphon, L and Mantidactyle and Fayzullin, M and Korth, M and  Pan of ATX and Felber, P and Robson,P 
    and T4g1 and TechFalcon and endrift and exezin and jrra and kOOPa and mattcurrie and nitro2k01 and pinobatch and Fagan,P},
    title     = "Pan Docs, Game Boy technical reference",
    url       = "http://web.archive.org/web/20210426154117if_/https://gbdev.io/pandocs/#lcd-control",
    howpublished = "GBDev",
    year = 2021,
    month = 4,
    addendum = {Accessed on: 2021-04-26},}

%used
@misc{pandocsSTAT,
    author    =  {Niño Díaz, A and  Vivace, A and Beannaich and  Sandlin,C and Habert,E 
    and Elizafox and Furrtek and Gekkio and Frohwein,J and  Harrison,J and Halphon, L and Mantidactyle and Fayzullin, M and Korth, M and  Pan of ATX and Felber, P and Robson,P 
    and T4g1 and TechFalcon and endrift and exezin and jrra and kOOPa and mattcurrie and nitro2k01 and pinobatch and Fagan,P},
    title     = "Pan Docs, Game Boy technical reference",
    url       = "http://web.archive.org/web/20210426154117if_/https://gbdev.io/pandocs/#lcd-status-register",
    howpublished = "GBDev",
    year = 2021,
    month = 4,
    addendum = {Accessed on: 2021-04-26},}

%used
@misc{pandocsDrawing,
    author    =  {Niño Díaz, A and  Vivace, A and Beannaich and  Sandlin,C and Habert,E 
    and Elizafox and Furrtek and Gekkio and Frohwein,J and  Harrison,J and Halphon, L and Mantidactyle and Fayzullin, M and Korth, M and  Pan of ATX and Felber, P and Robson,P 
    and T4g1 and TechFalcon and endrift and exezin and jrra and kOOPa and mattcurrie and nitro2k01 and pinobatch and Fagan,P},
    title     = "Pan Docs, Game Boy technical reference",
    url       = "http://web.archive.org/web/20210426154117if_/https://gbdev.io/pandocs/#mode-3-operation",
    howpublished = "GBDev",
    year = 2021,
    month = 4,
    addendum = {Accessed on: 2021-04-26},}

@misc{CompleteTechnicalReference,
    author    =  {Gekkio},
    title     = "Game Boy: Complete Technical Reference",
    url       = "https://gekkio.fi/files/gb-docs/gbctr.pdf",
    year = 2020,
    month = 11,
    addendum = {Accessed on: 2021-02-9},
}
@misc{GBDev,
    title     = "GBDev",
    url       = "https://gbdev.io/",
    year = 2021,
    addendum = {Accessed on: 2021-02-9},
}
%used
@misc{GBTMem,
    author    =  {Michael Steil},
    title     = "The Ultimate Game Boy Talk",
    url       = "https://youtu.be/HyzD8pNlpwI?t=1079",
    howpublished = "[Video] Youtube",
    month = 10,
    year = 2016,
    addendum = {Accessed on: 2021-02-9},
}
@misc{GBTROM,
    author    =  {Michael Steil},
    title     = "The Ultimate Game Boy Talk",
    url       = "https://youtu.be/HyzD8pNlpwI?t=1157",
    howpublished = "[Video] Youtube",
    month = 10,
    year = 2016,
    addendum = {Accessed on: 2021-04-19},
}
@misc{GBTClockSpeed,
    author    =  {Michael Steil},
    title     = "The Ultimate Game Boy Talk",
    url       = "https://youtu.be/HyzD8pNlpwI?t=948",
    howpublished = "[Video] Youtube",
    month = 10,
    year = 2016,
    addendum = {Accessed on: 2021-04-22},
}

%used
@misc{Scrum,
    author    =  {Ken Schwaber},
    title     = "What is Scrum?",
    url       = "https://www.scrum.org/resources/what-is-scrum/",
    howpublished = "Scrum.org",
    year = 2020,
    month = 11,
    addendum = {Accessed on: 2021-02-10},
}
%used
@misc{OpenGL,
    author    =  {Khronos Group},
    title     = "OpenGL",
    url       = "https://www.opengl.org/",
    year = 2021,
    addendum = {Accessed on: 2021-02-11},
}




%used
@misc{Lean,
    author    =  {Eric Ries},
    title     = "Minimum Viable Product: a guide",
    url       = "http://www.startuplessonslearned.com/2009/08/minimum-viable-product-guide.html",
    howpublished = "Startup Lessons Learned",
    year = 2009,
    month = 8,
    addendum = {Accessed on: 2021-02-11},
}
%used
@misc{CI,
    author    =  {Atlassian},
    title     = "What is Continuous Integration?",
    url       = "https://www.atlassian.com/continuous-delivery/continuous-integration",
    addendum = {Accessed on: 2021-02-11},
}

@misc{compatibility,
    author    =  {Nintendo},
    title     = "Game Boy - Compatibility Chart",
    url       = "https://www.nintendo.com/consumer/systems/gameboy/compatibilitychart.jsp",

    addendum = {Accessed on: 2021-02-11},
}


%used
@misc{cartridgeType,
    author    =  {Niño Díaz, A and  Vivace, A and Beannaich and  Sandlin,C and Habert,E 
    and Elizafox and Furrtek and Gekkio and Frohwein,J and  Harrison,J and Halphon, L and Mantidactyle and Fayzullin, M and Korth, M and  Pan of ATX and Felber, P and Robson,P 
    and T4g1 and TechFalcon and endrift and exezin and jrra and kOOPa and mattcurrie and nitro2k01 and pinobatch and Fagan,P},
    title     = "Pan Docs, Cartridge Type",
    url       = "http://web.archive.org/web/20210426154117if_/https://gbdev.io/pandocs/#_0147-cartridge-type",
    howpublished = "GBDev",
    year = 2021,
    month = 4,
    addendum = {Accessed on: 2021-04-26},}

@misc{emulatorLegal,
    author    =  {Justin Pot},
    title     = "Is Downloading Retro Video Game ROMs Ever Legal?",
    url       = "https://www.howtogeek.com/262758/is-downloading-retro-video-game-roms-ever-legal/",
    howpublished = "How-To Geek",
    addendum = {Accessed on: 2021-02-12},
}

@misc{romLegal,
    author    =  {Scharon Harding},
    title     = "Yes, Downloading Nintendo ROMs Is Illegal (Even if You Own the Game)",
    url       = "https://www.tomshardware.com/news/why-most-roms-are-illegal,37512.html",
    howpublished = "Tom's Hardware",
    addendum = {Accessed on: 2021-02-12},
}

@misc{emulatorPodcast,
    author    =  {Game Dave},
    title     = "Are Roms and Emulation Bad? | Digitally Distracted Ep 18",
    url       = "https://www.youtube.com/watch?v=i-3tppY6DwQ",
    howpublished = "Youtube",
    addendum = {Accessed on: 2021-02-12},
}

@misc{gameBoyDisc,
    author    =  {Nintendo Wiki},
    title     = "2003",
    url       = "https://nintendo.fandom.com/wiki/2003",
    addendum = {Accessed on: 2021-02-12},
}

@misc{letterFromNintendo,
    author    =  {Console Classix},
    title     = "Letter from NOA",
    url       = "http://www.consoleclassix.com/letter_from_noa.php",
    addendum = {Accessed on: 2021-02-12},
}

@misc{section117,
    author    =  {Legal Information Institute},
    title     = "17 U.S. Code § 117 - Limitations on exclusive rights: Computer programs",
    url       = "https://www.law.cornell.edu/uscode/text/17/117",
    howpublished = "Cornell Law School",
    addendum = {Accessed on: 2021-02-12},
}

@misc{euRomLegal,
    author    =  {Benjamin Farrand},
    title     = "Emulation is the Most Sincere  Form of Flattery:  - Retro Videogames,  ROM Distribution and Copyright",
    url       = "https://www.raco.cat/index.php/IDP/article/view/260390/347561",
    howpublished = "IDP. Revista d'Internet, Dret i Política",
    addendum = {Accessed on: 2021-05-10},
}

@misc{euCopyright,
    author    =  {Comparative Law Library Unit},
    title     = "Copyright Law in the EU",
    url       = "https://www.europarl.europa.eu/RegData/etudes/STUD/2018/625126/EPRS_STU(2018)625126_EN.pdf",
    addendum = {Accessed on: 2021-05-10},
}

@misc{testROMs,
    author    =  {Joonas Javanainen},
    title     = "Game Boy test ROM do's and don'ts",
    url       = "https://gekkio.fi/blog/2016/game-boy-test-rom-dos-and-donts/",
    howpublished = "",
    addendum = {Accessed on: 2021-02-12},
}
%used
@misc{SDL2,
    author    =  {SDL2},
    title     = "Simple DirectMedia Layer",
    url       = "https://www.libsdl.org/index.php",
    addendum = {Accessed on: 2021-03-25},
}
%used
@misc{GBSales,
    author    =  {Nintendo},
    title     = "Consolidated Sales Transition by Region",
    url       = "https://www.nintendo.co.jp/ir/library/historical_data/pdf/consolidated_sales_e1603.pdf",
    year = 2016,
    addendum = {Accessed on: 2021-03-25},
}
%used
@misc{Blargg,
    author    =  {Blargg},
    title     = "Blargg's Gameboy hardware test ROMs",
    url       = "https://gbdev.gg8.se/files/roms/blargg-gb-tests/",
    howpublished = "Game Boy Development Wiki",
    year = 2019,
    month = 6,
    addendum = {Accessed on: 2021-03-25},
}
@misc{GBWikiMBC,
    title     = "Memory Bank Controllers",
    url       = "https://gbdev.gg8.se/wiki/articles/Memory_Bank_Controllers#MBC3_.28max_2MByte_ROM_and.2For_64KByte_RAM_and_Timer.29",
    howpublished = "Game Boy Development Wiki",
    year = 2021,
    month = 4,
    addendum = {Accessed on: 2021-04-16},
}
@misc{GBWikiSerialDataTransfer,
    title     = "Serial Data Transfer (Link Cable)",
    url       = "https://gbdev.gg8.se/wiki/articles/Serial_Data_Transfer_(Link_Cable)",
    howpublished = "Game Boy Development Wiki",
    year = 2021,
    month = 4,
    addendum = {Accessed on: 2021-04-09},
}
@misc{GBWikiSerialDataTransferTutorial,
    title     = "Serial Communication (Link Cable) Tutorial",
    url       = "https://gbdev.gg8.se/wiki/articles/Serial_Communication_(Link_Cable)_Tutorial",
    howpublished = "Game Boy Development Wiki",
    year = 2014,
    month = 11,
    addendum = {Accessed on: 2021-04-19},
}



%used
@misc{TestROMsResult,
    title     = "Test ROMs",
    url       = "https://gbdev.gg8.se/wiki/articles/Test_ROMs",
    howpublished = "Game Boy Development Wiki",
    year = 2020,
    month = 3,
    addendum = {Accessed on: 2021-03-25},
}
%used
@misc{Travis,
    author    =  {Travis},
    title     = "Travis",
    url       = "https://www.travis-ci.com/",
    year = 2021,
    month = 4,
    addendum = {Accessed on: 2021-04-07},
}
%used
@misc{gtest,
    author    =  {Google},
    title     = "Google Test",
    url       = "https://github.com/google/googletest",
    howpublished = "GitHub",
    year = 2021,
    month = 4,
    addendum = {Accessed on: 2021-04-07},
}

@misc{FlappyBoy,
    author    =  {bitnenfer and Mitch Fisher},
    title     = "flappy-boy-asm",
    url       = "https://github.com/bitnenfer/flappy-boy-asm",
    howpublished = "GitHub",
    year = 2018,
    month = 5,
    addendum = {Accessed on: 2021-04-22},
}

%used
@misc{HALT-behaviour,
    author    =  {Antonio Niño Díaz},
    title     = "The Cycle-Accurate Game Boy Docs",
    url       = "https://github.com/AntonioND/giibiiadvance/blob/master/docs/TCAGBD.pdf",
    howpublished = "Github",
    year = 2020,
    month = 5,
    addendum = {Accessed on: 29 Mar 2021},
}
%used
@misc{Gekkio-Mooneye,
    author    =  {Gekkio},
    title     = "Mooneye-GB",
    url       = "https://github.com/Gekkio/mooneye-gb",
    howpublished = "Github",
    year = 2021,
    month = 3,
    addendum = {Accessed on: 2021-03-30},
}
%used
@misc{mbc3test,
    author    =  {aaaaaa123456789},
    title     = "rtc3test",
    url       = "https://github.com/aaaaaa123456789/rtc3test",
    howpublished = "Github",
    year = 2021,
    month = 4,
    addendum = {Accessed on: 2021-04-21},
}
%used
@misc{OpCodes,
    author    =  {Megane Sullivan},
    title     = "Game Boy CPU Instructions",
    url       = "https://meganesulli.com/generate-gb-opcodes/",
    howpublished = "Megane Sullivan personal website",
    year = 2020,
    month = 11,
    addendum = {Accessed on: 2021-03-30},
}
%used
@misc{AudioHardware,
    title     = "Gameboy sound hardware",
    url       = "https://gbdev.gg8.se/wiki/articles/Gameboy_sound_hardware",
    howpublished = "Gameboy Development Wiki",
    year = 2020,
    month = 11,
    addendum = {Accessed on: 2021-03-30},
}
%used
@misc{pandocsregistersandflags,
    author    =  {Niño Díaz, A and  Vivace, A and Beannaich and  Sandlin,C and Habert,E 
    and Elizafox and Furrtek and Gekkio and Frohwein,J and  Harrison,J and Halphon, L and Mantidactyle and Fayzullin, M and Korth, M and  Pan of ATX and Felber, P and Robson,P 
    and T4g1 and TechFalcon and endrift and exezin and jrra and kOOPa and mattcurrie and nitro2k01 and pinobatch and Fagan,P},
    title     = "Pan Docs, Game Boy technical reference",
    url       = "http://web.archive.org/web/20210426154117if_/https://gbdev.io/pandocs/#registers-and-flags",
    howpublished = "GBDev",
    year = 2021,
    month = 4,
    addendum = {Accessed on: 2021-04-26},}

@misc{pandoscspecifications,
    author    =  {Niño Díaz, A and  Vivace, A and Beannaich and  Sandlin,C and Habert,E 
    and Elizafox and Furrtek and Gekkio and Frohwein,J and  Harrison,J and Halphon, L and Mantidactyle and Fayzullin, M and Korth, M and  Pan of ATX and Felber, P and Robson,P 
    and T4g1 and TechFalcon and endrift and exezin and jrra and kOOPa and mattcurrie and nitro2k01 and pinobatch and Fagan,P},
    title     = "Pan Docs, Game Boy technical reference",
    url       = "http://web.archive.org/web/20210426154117if_/https://gbdev.io/pandocs/#specifications",
    howpublished = "GBDev",
    year = 2021,
    month = 4,
    addendum = {Accessed on: 2021-04-26},}
%used
@misc{ImGui,
    author    =  {Omar Cornut},
    title     = "Dear ImGui: Bloat-free Graphical User interface for C++ with minimal dependencies",
    howpublished = "Github",
    url       = "https://github.com/ocornut/imgui",
    howpublished = "Github",
    year = 2021,
    month = 4,
    addendum = {Accessed on: 2021-04-07},
}
%used
@misc{Z80,
    author    =  {Zilog},
    title     = "Z80 CPU User Manual",
    url       = "http://www.zilog.com/docs/z80/um0080.pdf",
    year = 2016,
    month = 8,
    addendum = {Accessed on: 2021-03-31},
}
%used
@misc{Intel8080,
    author    =  {Intel},
    title     = "Intel 8080 Microcomputer Systems User's Manual",
    url       = "http://www.nj7p.info/Manuals/PDFs/Intel/9800153B.pdf",
    howpublished = " NJ7P Amateur Radio Web Server",
    year = 1975,
    month = 9,
    addendum = {Accessed on: 2021-03-31},
}
@misc{Z80-ALU,
    author    =  {Ken Shirriff},
    title     = "The Z-80 has a 4-bit ALU. Here's how it works.",
    url       = "http://www.righto.com/2013/09/the-z-80-has-4-bit-alu-heres-how-it.html",
    year = 2013,
    month = 9,
    addendum = {Accessed on: 2021-03-31},
}
%used
@misc{Gekkio.fi,
    author    =  {Gekkio},
    title     = "Gekkio.fi",
    url       = "https://gekkio.fi/",
    year = 2021,
    addendum = {Accessed on: 2021-03-31},
}
%used
@misc{NintendoCopyright,
    author    =  {Nintendo Australia},
    title     = "Legal",
    url       = "https://www.nintendo.com.au/legal",
    year = 2021,
    addendum = {Accessed on: 2021-03-31},
}
%used
@misc{BootRom,
    title     = "Gameboy Bootstrap ROM",
    url       = "https://gbdev.gg8.se/wiki/articles/Gameboy_Bootstrap_ROM",
    howpublished = "Gameboy Development Wiki",
    addendum = {Accessed on: 2021-04-06},
}
@misc{pandDocsCartridgeHeader,
    author    =  {Niño Díaz, A and  Vivace, A and Beannaich and  Sandlin,C and Habert,E 
    and Elizafox and Furrtek and Gekkio and Frohwein,J and  Harrison,J and Halphon, L and Mantidactyle and Fayzullin, M and Korth, M and  Pan of ATX and Felber, P and Robson,P 
    and T4g1 and TechFalcon and endrift and exezin and jrra and kOOPa and mattcurrie and nitro2k01 and pinobatch and Fagan,P},
    title     = "Pan Docs, Game Boy technical reference",
    url       = "http://web.archive.org/web/20210426154117if_/https://gbdev.io/pandocs/#the-cartridge-header",
    howpublished = "GBDev",
    year = 2021,
    month = 4,
    addendum = {Accessed on: 2021-04-26},}
%used
@misc{OpenAL,
    author    =  {OpenAL},
    title     = "OpenAL",
    url       = "https://openal.org/",
    year = 2018,
    month = 11,
    addendum = {Accessed on: 2021-04-06},
}

%used
@misc{pandDocsSoundControlRegisters,
    author    =  {Niño Díaz, A and  Vivace, A and Beannaich and  Sandlin,C and Habert,E 
    and Elizafox and Furrtek and Gekkio and Frohwein,J and  Harrison,J and Halphon, L and Mantidactyle and Fayzullin, M and Korth, M and  Pan of ATX and Felber, P and Robson,P 
    and T4g1 and TechFalcon and endrift and exezin and jrra and kOOPa and mattcurrie and nitro2k01 and pinobatch and Fagan,P},
    title     = "Pan Docs, Game Boy technical reference",
    url       = "http://web.archive.org/web/20210426154117if_/https://gbdev.io/pandocs/#sound-control-registers",
    howpublished = "GBDev",
    year = 2021,
    month = 4,
    addendum = {Accessed on: 2021-04-26},}

@misc{gamepak,
    title     = "Game Pak",
    howpublished = "Nintendo Fandom Wiki",
    url       = "https://nintendo.fandom.com/wiki/Game_Pak",
    month        = 3,
    year         = 2021,
    addendum = {Accessed on: 2021-04-08},
}
@misc{TCAGBD,
    title     = "The Cycle-Accurate Game Boy Docs",
    howpublished = "GitHub",
    url       = "https://github.com/AntonioND/giibiiadvance/tree/master/docs",
    month        = 5,
    year         = 2020,
    addendum = {Accessed on: 2021-04-12},
}
@misc{AntonioND,
    title     = "Antonio Niño Díaz",
    howpublished = "GitHub",
    url       = "https://github.com/AntonioND/",
    month        = 4,
    year         = 2021,
    addendum = {Accessed on: 2021-04-12},
}
@misc{c++,
    title     = "C++",
    url       = "https://www.cplusplus.com/",
    year         = 2021,
    addendum = {Accessed on: 2021-04-13},
}

@misc{BGB,
    title     = "BGB Homepage",
    howpublished = "BGB",
    url       = "https://bgb.bircd.org/",
    addendum = {Accessed on: 2021-04-14},
}

@misc{SountTestPD,
    title =        "Sound Test (PD) [a1]",
    howpublished = "ROMNation.NET",
    url =          "https://www.romnation.net/srv/roms/14091/gb/Sound-Test-PD-a1.html",
    addendum =     {Accessed on: 2021-04-21}
}

@misc{waveforms,
    title =        "What Are Waveforms And How Do They Work?",
    howpublished = "SoundBridge",
    url =          "https://soundbridge.io/what-are-waveforms-how-they-work/",
    month =         4,
    year =          2019,
    addendum =     {Accessed on: 2021-04-22}
}

@misc{sinToSquare,
    title =        "LLC Power Conversion Explained, Part 2: Sine Wave from a Square Wave",
    author =       {Deuty, Scott},
    howpublished = "Planet Analog",
    url =          "https://www.planetanalog.com/llc-power-conversion-explained-part-2-sine-wave-from-a-square-wave/",
    month =         8,
    year =          2017,
    addendum =     {Accessed on: 2021-04-22}
}

@misc{ultimateGBtalkSlides,
    title =        "The Ultimate Game Boy Talk [slides]",
    author =       "Steil, M",
    url =          "https://www.pagetable.com/?p=1099",
    month =         4,
    year =          2019,
    addendum =     {Accessed on: 2021-04-22}
}

@misc{visualBoyAdvanced,
    title =     "Visual Boy Advance - M",
    author =    "Rafael Kitover et al",
    url =       "https://github.com/visualboyadvance-m/visualboyadvance-m",
    addendum =  {Accessed on: 2021-04-23}
}

@misc{apuNoise,
    url          ="https://gbdev.gg8.se/wiki/articles/Gameboy_sound_hardware#Noise_Channel",
    title        = "Gameboy sound hardware: Noise Channel",
    howpublished = "Gameboy Development Wiki",
    addendum =  {Accessed on: 2021-05-24}
}
@misc{NintendoSwitch,
    url          ="https://www.nintendo.com/switch/system/",
    title        = "Nintendo Switch",
    howpublished = "Nintendo",
    addendum =  {Accessed on: 2021-05-28}
}
@misc{NintendoDSFamily,
    url          ="https://www.nintendo.se/nintendo-3ds-familjen",
    title        = "Nintendo 3DS-familjen",
    howpublished = "Nintendo",
    addendum =  {Accessed on: 2021-05-28}
}
@misc{Kirby,
    url          ="https://kirby.nintendo.com/",
    title        = "Official home of Kirby",
    howpublished = "Nintendo",
    addendum =  {Accessed on: 2021-05-28}
}
@misc{Pokemon,
    url          ="https://www.pokemon.com/us/",
    title        = "Pokemon.com",
    howpublished = "Nintendo",
    addendum =  {Accessed on: 2021-05-28}
}
@misc{OriginalGameBoy,
    title     = "Original Nintendo Game Boy",
    howpublished = "Public Domain Pictures",
    author = "Colin Woodcock",
    url          ="https://www.publicdomainpictures.net/en/view-image.php?image=191203&picture=original-nintendo-game-boy",    
    addendum = {Accessed on: 2021-05-28},
}
@misc{Tetris,
    title     = "Tetris",
    howpublished = "Nintendo Wiki",
    url          ="https://nintendo.fandom.com/wiki/Tetris",    
    addendum = {Accessed on: 2021-05-31},
}
@misc{WayBackMachine,
    title     = "Wayback Machine",
    howpublished = "Internet Archive",
    url          ="http://web.archive.org/",    
    addendum = {Accessed on: 2021-05-31},
}
